<?xml version="1.0" encoding="UTF-8"?><collection xmlns="http://www.loc.gov/MARC21/slim"><record><leader>00542nam--2200169-i-4500</leader><controlfield tag="001">000011152</controlfield><controlfield tag="002">20161230</controlfield><controlfield tag="005">20170115163827</controlfield><controlfield tag="008">060222s1000------------r-----000-0-eng-d</controlfield><datafield ind1=" " ind2=" " tag="080"><subfield code="a">530.145(047.1)</subfield></datafield><datafield ind1=" " ind2=" " tag="100"><subfield code="a">Caianiello, Eduardo R</subfield></datafield><datafield ind1=" " ind2=" " tag="245"><subfield code="a">Branching equations of I and II type and their connections with finite equations of motion and the callan-symanzik equation</subfield></datafield><datafield ind1=" " ind2=" " tag="260"><subfield code="a">Salermo</subfield><subfield code="b">Instituto Di Fisica, University Of Sa Lerno</subfield><subfield code="c">1973</subfield></datafield><datafield ind1=" " ind2=" " tag="300"><subfield code="a">16 p</subfield></datafield><datafield ind1=" " ind2=" " tag="700"><subfield code="a">Marinaro, M</subfield></datafield><datafield ind1=" " ind2=" " tag="852"><subfield code="a">41176</subfield></datafield><datafield ind1=" " ind2=" " tag="CAT"><subfield code="a">SYS</subfield><subfield code="c">20170115</subfield><subfield code="h">163827</subfield></datafield></record></collection>